<?xml version="1.0" encoding="UTF-8"?><collection xmlns="http://www.loc.gov/MARC21/slim"><record><leader>00349nam--2200121-i-4500</leader><controlfield tag="001">000024156</controlfield><controlfield tag="002">20161230</controlfield><controlfield tag="005">20161230201035</controlfield><controlfield tag="008">060222s1000------------r-----000-0-eng-d</controlfield><datafield ind1=" " ind2=" " tag="080"><subfield code="a">530.145(092)</subfield></datafield><datafield ind1=" " ind2=" " tag="245"><subfield code="a">Hideki yukawa tabibito (the traveler). translated by: l.brown and r.yoshida</subfield></datafield><datafield ind1=" " ind2=" " tag="260"><subfield code="a">Singapore, World Scientific, 1982, 218 P</subfield></datafield><datafield ind1=" " ind2=" " tag="852"><subfield code="a">70271</subfield></datafield></record></collection>